@book{kim2016devops,
  title={The DevOps Handbook: How to Create World-Class Agility, Reliability, and Security in Technology Organizations},
  author={Kim, Gene and Humble, Jez and Debois, Patrick and Willis, John},
  year={2016},
  publisher={IT Revolution Press},
  address={Portland, OR},
  chapter={1}
}

@article{DevOps_gates,
  title={Deployment gates},
  author={Microsoft},
  year={2022},
}

@article{kitchenham1996software,
  title={Software Quality: The Elusive Target},
  author={Kitchenham, Barbara},
  journal={National Computing Centre, Systems/Software, Inc.},
  year={1996},
  pages={12-21}
}

@misc{wheeler:floss-license-slide,
  author = {David A. Wheeler},
  title = {FLOSS License Slide},
  year = {2021},
  howpublished = {\url{https://dwheeler.com/essays/floss-license-slide.html}},
  note = {Accessed on May 9, 2023}
}